<record><leader>00000cas a22000007a 4500</leader><controlfield tag="001">36627294</controlfield><controlfield tag="008">970325d19431957tnuwr ne      0    0eng d</controlfield><datafield ind1=" " ind2=" " tag="010"><subfield code="a">sn 97065039 </subfield></datafield><datafield ind1=" " ind2=" " tag="040"><subfield code="a">TGN</subfield><subfield code="b">eng</subfield><subfield code="c">TGN</subfield><subfield code="d">OCLCQ</subfield><subfield code="d">OCLCF</subfield><subfield code="d">OCLCO</subfield></datafield><datafield ind1="1" ind2=" " tag="029"><subfield code="a">AU@</subfield><subfield code="b">000013197224</subfield></datafield><datafield ind1=" " ind2=" " tag="042"><subfield code="a">msc</subfield></datafield><datafield ind1=" " ind2=" " tag="043"><subfield code="a">n-us-tn</subfield></datafield><datafield ind1="0" ind2=" " tag="130"><subfield code="a">Review=appeal and the Williamson County news (Franklin, Tenn. : 1943)</subfield></datafield><datafield ind1="1" ind2="4" tag="245"><subfield code="a">The review=appeal and the Williamson County news.</subfield></datafield><datafield ind1="1" ind2="7" tag="246"><subfield code="a">Review appeal</subfield></datafield><datafield ind1="3" ind2="0" tag="246"><subfield code="a">Williamson County news</subfield></datafield><datafield ind1=" " ind2=" " tag="260"><subfield code="a">Franklin, Tenn. :</subfield><subfield code="b">Leonard H. Armistead,</subfield><subfield code="c">1943-1957.</subfield></datafield><datafield ind1=" " ind2=" " tag="300"><subfield code="a">v.</subfield></datafield><datafield ind1=" " ind2=" " tag="310"><subfield code="a">Weekly</subfield></datafield><datafield ind1="0" ind2=" " tag="362"><subfield code="a">Vol. 130, no. 35 (Sept. 2, 1943)-v. 144, no. 48 (Nov. 21, 1957).</subfield></datafield><datafield ind1=" " ind2=" " tag="500"><subfield code="a">Publishers: Leonard H. Armistead, 1943-1947; Leonard H. Armistead, Jr., 1948-1957.</subfield></datafield><datafield ind1=" " ind2=" " tag="580"><subfield code="a">Formed by the union of: Review and appeal, and: Williamson County news.</subfield></datafield><datafield ind1=" " ind2="0" tag="651"><subfield code="a">Franklin (Tenn.)</subfield><subfield code="v">Newspapers.</subfield></datafield><datafield ind1=" " ind2="0" tag="651"><subfield code="a">Williamson County (Tenn.)</subfield><subfield code="v">Newspapers.</subfield></datafield><datafield ind1=" " ind2="7" tag="655"><subfield code="a">Newspapers.</subfield><subfield code="2">fast</subfield><subfield code="0">(OCoLC)fst01423814</subfield></datafield><datafield ind1=" " ind2="7" tag="651"><subfield code="a">Tennessee</subfield><subfield code="z">Franklin.</subfield><subfield code="2">fast</subfield><subfield code="0">(OCoLC)fst01208691</subfield></datafield><datafield ind1=" " ind2="7" tag="651"><subfield code="a">Tennessee</subfield><subfield code="z">Williamson County.</subfield><subfield code="2">fast</subfield><subfield code="0">(OCoLC)fst01207678</subfield></datafield><datafield ind1=" " ind2=" " tag="752"><subfield code="a">United States</subfield><subfield code="b">Tennessee</subfield><subfield code="c">Williamson</subfield><subfield code="d">Franklin.</subfield></datafield><datafield ind1="1" ind2="4" tag="780"><subfield code="t">Review and appeal</subfield><subfield code="w">(DLC)sn 89058084</subfield></datafield><datafield ind1="1" ind2="4" tag="780"><subfield code="t">Williamson County news</subfield><subfield code="w">(DLC)sn 89058085</subfield></datafield><datafield ind1="0" ind2="0" tag="785"><subfield code="t">Review=appeal (Franklin, Tenn. : 1957)</subfield><subfield code="w">(DLC)sn 97065040</subfield></datafield></record>